%% Copied from asa_article template

@article{carson2007incentive,
  title={Incentive and informational properties of preference questions},
  author={Carson, Richard T and Groves, Theodore},
  journal={Environmental and resource economics},
  volume={37},
  number={1},
  pages={181--210},
  year={2007},
  publisher={Springer}
}

@article{cameron1994estimation,
  title={Estimation using contingent valuation data from a" dichotomous choice with follow-up" questionnaire},
  author={Cameron, Trudy Ann and Quiggin, John},
  journal={Journal of environmental economics and management},
  volume={27},
  number={3},
  pages={218--234},
  year={1994},
  publisher={Elsevier}
}

@article{groothuis2002does,
  title={Does don't know mean no? Analysis of'don't know'responses in dichotomous choice contingent valuation questions},
  author={Groothuis, Peter A and Whitehead, John C},
  journal={Applied Economics},
  volume={34},
  number={15},
  pages={1935--1940},
  year={2002},
  publisher={Taylor \& Francis}
}

@article{hanemann1991statistical,
  title={Statistical efficiency of double-bounded dichotomous choice contingent valuation},
  author={Hanemann, Michael and Loomis, John and Kanninen, Barbara},
  journal={American journal of agricultural economics},
  volume={73},
  number={4},
  pages={1255--1263},
  year={1991},
  publisher={Oxford University Press}
}

@article{arrow1993report,
  title={Report of the NOAA panel on contingent valuation},
  author={Arrow, Kenneth and Solow, Robert and Portney, Paul R and Leamer, Edward E and Radner, Roy and Schuman, Howard and others},
  journal={Federal register},
  volume={58},
  number={10},
  pages={4601--4614},
  year={1993},
  publisher={Washington, DC}
}

@article{liu2020effects,
  title={Effects of policy consequentiality and payment vehicle on contingent valuation: Structural estimates on preference misrepresentation},
  author={Liu, Pengfei and Bi, Xiang and Luo, Qi and Whitehead, John C},
  journal={Available at SSRN 3577847},
  year={2020}
}

@article{brandli2015estimating,
  title={Estimating the willingness to pay for improvement of an urban park in southern Brazil using the contingent valuation method},
  author={Brandli, Luciana Londero and Marques Prietto, Pedro Domingos and Neckel, Alcindo},
  journal={Journal of Urban Planning and Development},
  volume={141},
  number={4},
  pages={05014027},
  year={2015},
  publisher={American Society of Civil Engineers}
}

@article{del2007estimating,
  title={Estimating the non-market benefits of an urban park: Does proximity matter?},
  author={del Saz Salazar, Salvador and Menendez, Leandro Garcia},
  journal={Land use policy},
  volume={24},
  number={1},
  pages={296--305},
  year={2007},
  publisher={Elsevier}
}

@inproceedings{sardianou2019applying,
  title={Applying The Contingent Valuation Method in Assessing Urban Parks: the Case of Niarchos in Greece},
  author={Sardianou, Eleni and Leonti, Aikaterini},
  booktitle={IOP Conference Series: Earth and Environmental Science},
  volume={362},
  number={1},
  pages={012127},
  year={2019},
  organization={IOP Publishing}
}

@article{opavcak2019estimating,
  title={Estimating willingness to pay for a future recreational park atop the current Jaku{\v{s}}evec Landfill in Zagreb, Croatia},
  author={Opa{\v{c}}ak, Marija and Wang, Erda},
  journal={Sustainability},
  volume={11},
  number={21},
  pages={6038},
  year={2019},
  publisher={Multidisciplinary Digital Publishing Institute}
}

@article{xu2020uncovering,
  title={Uncovering the willingness-to-pay for urban green space conservation: A survey of the capital area in China},
  author={Xu, Feng and Wang, Yating and Xiang, Nan and Tian, Jinping and Chen, Lujun},
  journal={Resources, Conservation and Recycling},
  volume={162},
  pages={105053},
  year={2020},
  publisher={Elsevier}
}

@article{verbivc2016contingent,
  title={Contingent valuation of urban public space: A case study of Ljubljanica riverbanks},
  author={Verbi{\v{c}}, Miroslav and Slabe-Erker, Renata and Klun, Maja},
  journal={Land use policy},
  volume={56},
  pages={58--67},
  year={2016},
  publisher={Elsevier}
}

@article{barrena2014valuing,
  title={Valuing cultural ecosystem services: Agricultural heritage in Chilo{\'e} island, southern Chile},
  author={Barrena, Jos{\'e} and Nahuelhual, Laura and B{\'a}ez, Andrea and Schiappacasse, Ignacio and Cerda, Claudia},
  journal={Ecosystem Services},
  volume={7},
  pages={66--75},
  year={2014},
  publisher={Elsevier}
}

@article{calleja2017acoustic,
  title={Acoustic and economic valuation of soundscape: An application to the ‘Retiro’Urban Forest Park},
  author={Calleja, A and D{\'\i}az-Balteiro, L and Iglesias-Merchan, C and Soli{\~n}o, M},
  journal={Urban forestry \& urban greening},
  volume={27},
  pages={272--278},
  year={2017},
  publisher={Elsevier}
}

@article{neckel2020estimation,
  title={Estimation of the economic value of urban parks in Brazil, the case of the City of Passo Fundo},
  author={Neckel, Alcindo and Da Silva, Juliano Lima and Saraiva, Paola Pol and Kujawa, Henrique Aniceto and Araldi, Jeancarlos and Paladini, Edson Pacheco},
  journal={Journal of Cleaner Production},
  pages={121369},
  year={2020},
  publisher={Elsevier}
}

@article{latinopoulos2016valuing,
  title={Valuing the benefits of an urban park project: A contingent valuation study in Thessaloniki, Greece},
  author={Latinopoulos, Dionysis and Mallios, Zisis and Latinopoulos, Pericles},
  journal={Land Use Policy},
  volume={55},
  pages={130--141},
  year={2016},
  publisher={Elsevier}
}

@article{brander2011value,
  title={The value of urban open space: Meta-analyses of contingent valuation and hedonic pricing results},
  author={Brander, Luke M and Koetse, Mark J},
  journal={Journal of environmental management},
  volume={92},
  number={10},
  pages={2763--2773},
  year={2011},
  publisher={Elsevier}
}

@article{keeler2019social,
  title={Social-ecological and technological factors moderate the value of urban nature},
  author={Keeler, Bonnie L and Hamel, Perrine and McPhearson, Timon and Hamann, Maike H and Donahue, Marie L and Prado, Kelly A Meza and Arkema, Katie K and Bratman, Gregory N and Brauman, Kate A and Finlay, Jacques C and others},
  journal={Nature Sustainability},
  volume={2},
  number={1},
  pages={29--38},
  year={2019},
  publisher={Nature Publishing Group}
}

@article{amato2016metropoles,
  title={Metr{\'o}poles, cobertura vegetal, {\'a}reas verdes e sa{\'u}de},
  author={Amato-Louren{\c{c}}o, Lu{\'\i}s Fernando and Moreira, Tiana Carla Lopes and Arantes, Bruna Lara de and Silva Filho, Dem{\'o}stenes Ferreira da and Mauad, Thais},
  journal={Estudos Avan{\c{c}}ados},
  volume={30},
  number={86},
  pages={113--130},
  year={2016},
  publisher={SciELO Brasil}
}

@article{londe2014influencia,
  title={A influ{\^e}ncia das {\'a}reas verdes na qualidade de vida urbana},
  author={Londe, Patr{\'\i}cia Ribeiro and others},
  journal={Hygeia-Revista Brasileira de Geografia M{\'e}dica e da Sa{\'u}de},
  volume={10},
  number={18},
  pages={264--272},
  year={2014}
}

@article{silveira2018espaccos,
  title={Espa{\c{c}}os verdes e mortalidade por doen{\c{c}}as cardiovasculares no munic{\'\i}pio do Rio de Janeiro},
  author={Silveira, Ismael Henrique da and Junger, Washington Leite},
  journal={Revista de Sa{\'u}de P{\'u}blica},
  volume={52},
  pages={49},
  year={2018},
  publisher={SciELO Public Health}
}

@article{arana2017qualidade,
  title={Qualidade ambiental e promo{\c{c}}{\~a}o de sa{\'u}de: o que determina a realiza{\c{c}}{\~a}o de atividades f{\'\i}sicas em parques urbanos?},
  author={Arana, Alba Regina Azevedo and Xavier, Fernanda Berguerand},
  journal={Geosul},
  volume={32},
  number={63},
  pages={179--201},
  year={2017}
}

@article{boerema2017ecosystem,
  title={Are ecosystem services adequately quantified?},
  author={Boerema, Annelies and Rebelo, Alanna J and Bodi, Merche B and Esler, Karen J and Meire, Patrick},
  journal={Journal of Applied Ecology},
  volume={54},
  number={2},
  pages={358--370},
  year={2017},
  publisher={Wiley Online Library}
}

@article{camargo2018physical,
  title={Physical activity in public parks of high and low socioeconomic status in Colombia using observational methods},
  author={Camargo, Diana Marina and Ram{\'\i}rez, Paula Camila and Quiroga, Vanesa and R{\'\i}os, Paola and F{\'e}rmino, Rog{\'e}rio C{\'e}sar and Sarmiento, Olga L},
  journal={Journal of Physical Activity and Health},
  volume={15},
  number={8},
  pages={581--591},
  year={2018},
  publisher={Human Kinetics}
}

@article{haines2018revision,
  title={Revision of the common international classification for ecosystem services (CICES V5. 1): a policy brief},
  author={Haines-Young, Roy and Potschin-Young, Marion},
  journal={One Ecosystem},
  volume={3},
  pages={e27108},
  year={2018},
  publisher={Pensoft Publishers}
}

@article{diaz2019global,
  title={The global assessment report on biodiversity and ecosystem services: Summary for policy makers},
  author={D{\'\i}az, Sandra Myrna and Settele, Josef and Brond{\'\i}zio, Eduardo and Ngo, Hien and Gu{\`e}ze, Maximilien and Agard, John and Arneth, Almut and Balvanera, Patricia and Brauman, Kate and Butchart, Stuart and others},
  year={2019},
  publisher={Intergovernmental Science-Policy Platform on Biodiversity and Ecosystem Services}
}

@article{liu2020supply,
  title={Supply and demand assessment of urban recreation service and its implication for greenspace planning-A case study on Guangzhou},
  author={Liu, Hongxiao and Remme, Roy P and Hamel, Perrine and Nong, Huifu and Ren, Hai},
  journal={Landscape and Urban Planning},
  volume={203},
  pages={103898},
  year={2020},
  publisher={Elsevier}
}

@article{ridding2018importance,
  title={The importance of landscape characteristics for the delivery of cultural ecosystem services},
  author={Ridding, Lucy E and Redhead, John W and Oliver, Tom H and Schmucki, Reto and McGinlay, James and Graves, Anil R and Morris, Joe and Bradbury, Richard B and King, Helen and Bullock, James M},
  journal={Journal of environmental management},
  volume={206},
  pages={1145--1154},
  year={2018},
  publisher={Elsevier}
}


@report{un2018,
  title={World Urbanization Prospects: The 2018 Revision (ST/ESA/SER.A/420)},
  author={United Nations},
  year={2018},
  city={New York},
}

@report{un2019,
  title={World population prospects 2019},
  author={United Nations},
  year={2019},
  city={New York},
}